<record><leader>01293cam a2200337 a 4500</leader><controlfield tag="001">1371097</controlfield><controlfield tag="005">19901220110149.4</controlfield><controlfield tag="008">910418s1985    njucf    b     1  0 eng d</controlfield><datafield ind1=" " ind2=" " tag="010"><subfield code="a">   84000569 //r902</subfield></datafield><datafield ind1=" " ind2=" " tag="020"><subfield code="a">0391030655</subfield></datafield><datafield ind1=" " ind2=" " tag="035"><subfield code="a">ocm10375647</subfield></datafield><datafield ind1=" " ind2=" " tag="040"><subfield code="a">DLC</subfield><subfield code="b">eng</subfield><subfield code="c">DLC</subfield><subfield code="d">DLC</subfield><subfield code="d">OCoLC</subfield></datafield><datafield ind1=" " ind2=" " tag="049"><subfield code="a">AEU</subfield><subfield code="b">eng</subfield></datafield><datafield ind1="0" ind2="0" tag="050"><subfield code="a">CB251</subfield><subfield code="b">.C568 1985</subfield></datafield><datafield ind1="0" ind2="0" tag="082"><subfield code="a">909/.09821</subfield><subfield code="2">19</subfield></datafield><datafield ind1="0" ind2=" " tag="090"><subfield code="a">CB 251 C582 1985</subfield></datafield><datafield ind1="0" ind2="0" tag="245"><subfield code="a">Civilizations East and West :</subfield><subfield code="b">a memorial volume for Benjamin Nelson /</subfield><subfield code="c">edited by E.V. Walter ... [et al.].</subfield></datafield><datafield ind1=" " ind2=" " tag="260"><subfield code="a">Atlantic Highlands, N.J. :</subfield><subfield code="b">Humanities Press,</subfield><subfield code="c">1985.</subfield></datafield><datafield ind1=" " ind2=" " tag="300"><subfield code="a">162 p., [1] p. of plates :</subfield><subfield code="b">port. ;</subfield><subfield code="c">24 cm.</subfield></datafield><datafield ind1=" " ind2=" " tag="336"><subfield code="a">text</subfield><subfield code="b">txt</subfield><subfield code="2">rdacontent</subfield></datafield><datafield ind1=" " ind2=" " tag="337"><subfield code="a">unmediated</subfield><subfield code="b">n</subfield><subfield code="2">rdamedia</subfield></datafield><datafield ind1=" " ind2=" " tag="338"><subfield code="a">volume</subfield><subfield code="b">nc</subfield><subfield code="2">rdacarrier</subfield></datafield><datafield ind1=" " ind2=" " tag="500"><subfield code="a">"This volume constitutes number 10 (1983) and number 11 (1984) of the Comparative civilizations review"--Prelim. p. [3]</subfield></datafield><datafield ind1=" " ind2=" " tag="504"><subfield code="a">Includes bibliographies.</subfield></datafield><datafield ind1=" " ind2=" " tag="596"><subfield code="a">43</subfield></datafield><datafield ind1="1" ind2="0" tag="600"><subfield code="a">Nelson, Benjamin,</subfield><subfield code="d">1911-1977.</subfield></datafield><datafield ind1=" " ind2="0" tag="650"><subfield code="a">East and West.</subfield></datafield><datafield ind1=" " ind2="0" tag="650"><subfield code="a">Civilization, Western.</subfield></datafield><datafield ind1="1" ind2=" " tag="700"><subfield code="a">Nelson, Benjamin,</subfield><subfield code="d">1911-1977.</subfield></datafield><datafield ind1="1" ind2=" " tag="700"><subfield code="a">Walter, E. V.</subfield><subfield code="q">(Eugene Victor),</subfield><subfield code="d">1925-</subfield></datafield><datafield ind1=" " ind2=" " tag="926"><subfield code="a">CB 251 C582 1985</subfield><subfield code="w">LC</subfield><subfield code="c">1</subfield><subfield code="i">000036223675</subfield><subfield code="d">5/11/2010</subfield><subfield code="e">4/6/2010</subfield><subfield code="l">ON_SHELF</subfield><subfield code="m">UAHSS</subfield><subfield code="n">6</subfield><subfield code="p">$150.00</subfield><subfield code="r">Y</subfield><subfield code="s">Y</subfield><subfield code="t">BOOK</subfield><subfield code="u">4/23/1991</subfield></datafield></record>